@article{strona2012,
  title={{FishPEST}: an innovative software suite for fish parasitologists},
  author={Strona, Giovanni and Lafferty, Kevin D},
  journal={Trends in parasitology},
  volume={28},
  number={4},
  pages={123},
  year={2012}
}

@article{strona2013,
  title={Host range, host ecology, and distribution of more than 11 800 fish parasite species: Ecological Archives E094-045},
  author={Strona, Giovanni and Palomares, Maria Lourdes D and Bailly, Nicolas and Galli, Paolo and Lafferty, Kevin D},
  journal={Ecology},
  volume={94},
  number={2},
  pages={544--544},
  year={2013},
  publisher={Eco Soc America}
}



@misc{froese2010,
  title={FishBase},
  author={Froese, Rainer and Pauly, Daniel},
  year={2010},
  publisher={International Center for Living Aquatic Resources Management}
}












